%% This BibTeX bibliography file was created using BibDesk.
%% https://bibdesk.sourceforge.io/

%% Created for Myungsin Cho at 2025-09-15 23:06:05 -0400 


%% Saved with string encoding Unicode (UTF-8) 



@article{MR3673667,
	author = {Borghesi, Simone and Tomassini, Giuseppe},
	date-added = {2025-09-15 23:06:04 -0400},
	date-modified = {2025-09-15 23:06:04 -0400},
	doi = {10.1007/s10231-016-0616-1},
	fjournal = {Annali di Matematica Pura ed Applicata. Series IV},
	issn = {0373-3114,1618-1891},
	journal = {Ann. Mat. Pura Appl. (4)},
	mrclass = {14D23 (14D22 18G30 18G55 32Q45)},
	mrnumber = {3673667},
	mrreviewer = {Federico\ Quallbrunn},
	number = {4},
	pages = {1273--1306},
	title = {Analytic stacks and hyperbolicity},
	url = {https://doi.org/10.1007/s10231-016-0616-1},
	volume = {196},
	year = {2017},
	bdsk-url-1 = {https://doi.org/10.1007/s10231-016-0616-1}}

@article{Cho,
	abstract = {We extend the result of Blumberg and Mandell on K-theoretic Tate-Poitou duality at odd primes which serves as a spectral refinement of the classical arithmetic Tate-Poitou duality. The duality is formulated for the K(1)-localized algebraic K-theory of the ring of p-integers in a number field and its completion using the Zp-Anderson duality. This paper completes the picture by addressing the prime 2, where the real embeddings of number fields introduce extra complexities. As an application, we identify the homotopy type at prime 2 of the homotopy fiber of the cyclotomic trace for the sphere spectrum in terms of the algebraic K-theory of the integers.},
	author = {Myungsin Cho},
	date-added = {2025-09-15 01:00:58 -0400},
	date-modified = {2025-09-15 01:01:12 -0400},
	doi = {https://doi.org/10.1016/j.aim.2025.110370},
	issn = {0001-8708},
	journal = {Advances in Mathematics},
	keywords = {Algebraic K-theory, Tate-Poitou duality, Anderson duality, Completed {\'e}tale site},
	pages = {110370},
	title = {K-theoretic Tate-Poitou duality at prime 2},
	url = {https://www.sciencedirect.com/science/article/pii/S0001870825002683},
	volume = {477},
	year = {2025},
	bdsk-url-1 = {https://www.sciencedirect.com/science/article/pii/S0001870825002683},
	bdsk-url-2 = {https://doi.org/10.1016/j.aim.2025.110370}}

@unpublished{SSW,
	author = {Spitz, Ben and Schuchardt, Jason and Wisdom, Noah},
	date-added = {2025-04-26 02:06:17 -0400},
	date-modified = {2025-04-26 02:07:56 -0400},
	note = {in preparation},
	title = {Algebraically Closed Tambara Functors}}

@misc{Braunling,
	archiveprefix = {arXiv},
	author = {Oliver Braunling},
	date-added = {2025-04-26 02:01:37 -0400},
	date-modified = {2025-04-26 02:01:59 -0400},
	eprint = {2504.14153},
	primaryclass = {math.KT},
	title = {K-theoretic Poitou-Tate duality in higher dimensions: proper case},
	url = {https://arxiv.org/abs/2504.14153},
	year = {2025},
	bdsk-url-1 = {https://arxiv.org/abs/2504.14153}}

@incollection{MR2905536,
	author = {Calegari, Frank and Emerton, Matthew},
	booktitle = {Non-abelian fundamental groups and {I}wasawa theory},
	date-added = {2025-04-26 02:00:28 -0400},
	date-modified = {2025-04-26 02:00:28 -0400},
	isbn = {978-1-107-64885-2},
	mrclass = {11F85 (11F70 11F75)},
	mrnumber = {2905536},
	mrreviewer = {Neven\ Grbac},
	pages = {239--257},
	publisher = {Cambridge Univ. Press, Cambridge},
	series = {London Math. Soc. Lecture Note Ser.},
	title = {Completed cohomology---a survey},
	volume = {393},
	year = {2012}}

@book{MR3211458,
	author = {Clausen, Dustin},
	date-added = {2025-04-26 01:57:20 -0400},
	date-modified = {2025-04-26 01:57:20 -0400},
	mrclass = {99-05},
	mrnumber = {3211458},
	note = {Thesis (Ph.D.)--Massachusetts Institute of Technology},
	pages = {(no paging)},
	publisher = {ProQuest LLC, Ann Arbor, MI},
	title = {Arithmetic {D}uality in {A}lgebraic {K}-theory},
	url = {http://gateway.proquest.com/openurl?url_ver=Z39.88-2004&rft_val_fmt=info:ofi/fmt:kev:mtx:dissertation&res_dat=xri:pqm&rft_dat=xri:pqdiss:0829517},
	year = {2013},
	bdsk-url-1 = {http://gateway.proquest.com/openurl?url_ver=Z39.88-2004&rft_val_fmt=info:ofi/fmt:kev:mtx:dissertation&res_dat=xri:pqm&rft_dat=xri:pqdiss:0829517}}

@inproceedings{MR3728661,
	author = {Rognes, John},
	booktitle = {Proceedings of the {I}nternational {C}ongress of {M}athematicians---{S}eoul 2014. {V}ol. {II}},
	date-added = {2024-09-22 21:55:35 -0400},
	date-modified = {2024-09-22 21:55:35 -0400},
	isbn = {978-89-6105-805-6; 978-89-6105-803-2},
	mrclass = {19D10 (19F27 55P43 57R50)},
	mrnumber = {3728661},
	mrreviewer = {L.\ N.\ Vaserstein},
	pages = {1259--1283},
	publisher = {Kyung Moon Sa, Seoul},
	title = {Algebraic {$K$}-theory of strict ring spectra},
	year = {2014}}

@misc{HRW,
	archiveprefix = {arXiv},
	author = {Jeremy Hahn and Arpon Raksit and Dylan Wilson},
	date-added = {2024-09-22 21:54:11 -0400},
	date-modified = {2024-09-22 21:54:24 -0400},
	eprint = {2206.11208},
	primaryclass = {math.KT},
	title = {A motivic filtration on the topological cyclic homology of commutative ring spectra},
	url = {https://arxiv.org/abs/2206.11208},
	year = {2022},
	bdsk-url-1 = {https://arxiv.org/abs/2206.11208}}

@unpublished{CCMOOSV,
	author = {Chan, David and Cho, Myungsin and Mehrle, David and Ocal , Pablo Sanchez and Osorno, Angelica and Szczesny, Ben and Verdugo, Paula},
	date-added = {2024-09-16 21:43:03 -0400},
	date-modified = {2024-09-16 21:46:02 -0400},
	note = {in preparation},
	title = {Realizability of compatible pairs}}

@unpublished{Bokstedt,
	author = {B{\"o}kstedt, M},
	date-added = {2024-09-16 21:17:19 -0400},
	date-modified = {2024-09-16 21:38:07 -0400},
	note = {preprint},
	title = {Topological {H}ochschild homology}}

@article{MR1202133,
	author = {B\"okstedt, M. and Hsiang, W. C. and Madsen, I.},
	date-added = {2024-09-16 21:16:55 -0400},
	date-modified = {2024-09-16 21:16:55 -0400},
	doi = {10.1007/BF01231296},
	fjournal = {Inventiones Mathematicae},
	issn = {0020-9910,1432-1297},
	journal = {Invent. Math.},
	mrclass = {55P42 (19D55 19L99 55P60)},
	mrnumber = {1202133},
	mrreviewer = {Roland\ Schw\"anzl},
	number = {3},
	pages = {465--539},
	title = {The cyclotomic trace and algebraic {$K$}-theory of spaces},
	url = {https://doi.org/10.1007/BF01231296},
	volume = {111},
	year = {1993},
	bdsk-url-1 = {https://doi.org/10.1007/BF01231296}}

@article{MR4366744,
	author = {Balchin, Scott and Barnes, David and Roitzheim, Constanze},
	date-added = {2024-09-16 11:16:53 -0400},
	date-modified = {2024-09-16 11:16:53 -0400},
	doi = {10.2140/pjm.2021.315.285},
	fjournal = {Pacific Journal of Mathematics},
	issn = {0030-8730,1945-5844},
	journal = {Pacific J. Math.},
	mrclass = {18M80 (06A07 52B20 55N91 55P91)},
	mrnumber = {4366744},
	number = {2},
	pages = {285--304},
	title = {{$N_\infty$}-operads and associahedra},
	url = {https://doi.org/10.2140/pjm.2021.315.285},
	volume = {315},
	year = {2021},
	bdsk-url-1 = {https://doi.org/10.2140/pjm.2021.315.285}}

@article{MR4244201,
	author = {Rubin, Jonathan},
	date-added = {2024-09-16 11:16:06 -0400},
	date-modified = {2024-09-16 11:16:06 -0400},
	doi = {10.1017/S001708952000021X},
	fjournal = {Glasgow Mathematical Journal},
	issn = {0017-0895,1469-509X},
	journal = {Glasg. Math. J.},
	mrclass = {55P91 (55P48)},
	mrnumber = {4244201},
	mrreviewer = {Ben\ C.\ Walter},
	number = {2},
	pages = {307--342},
	title = {Detecting {S}teiner and linear isometries operads},
	url = {https://doi.org/10.1017/S001708952000021X},
	volume = {63},
	year = {2021},
	bdsk-url-1 = {https://doi.org/10.1017/S001708952000021X}}

@article{MR4205708,
	author = {Bonventre, Peter and Pereira, Lu\'is A.},
	date-added = {2024-09-16 11:15:36 -0400},
	date-modified = {2024-09-16 11:15:36 -0400},
	doi = {10.1016/j.aim.2020.107502},
	fjournal = {Advances in Mathematics},
	issn = {0001-8708,1090-2082},
	journal = {Adv. Math.},
	mrclass = {18M60 (55P48)},
	mrnumber = {4205708},
	mrreviewer = {Lada\ Peksov\'a},
	pages = {Paper No. 107502, 133},
	title = {Genuine equivariant operads},
	url = {https://doi.org/10.1016/j.aim.2020.107502},
	volume = {381},
	year = {2021},
	bdsk-url-1 = {https://doi.org/10.1016/j.aim.2020.107502}}

@article{MR3848404,
	author = {Guti\'errez, Javier J. and White, David},
	date-added = {2024-09-16 11:14:55 -0400},
	date-modified = {2024-09-16 11:14:55 -0400},
	doi = {10.2140/agt.2018.18.2919},
	fjournal = {Algebraic \& Geometric Topology},
	issn = {1472-2747,1472-2739},
	journal = {Algebr. Geom. Topol.},
	mrclass = {55P42 (55P48 55P60 55P91 55U35)},
	mrnumber = {3848404},
	mrreviewer = {Steffen\ Sagave},
	number = {5},
	pages = {2919--2962},
	title = {Encoding equivariant commutativity via operads},
	url = {https://doi.org/10.2140/agt.2018.18.2919},
	volume = {18},
	year = {2018},
	bdsk-url-1 = {https://doi.org/10.2140/agt.2018.18.2919}}

@article{MR3406512,
	author = {Blumberg, Andrew J. and Hill, Michael A.},
	date-added = {2024-09-16 11:14:21 -0400},
	date-modified = {2024-09-16 11:14:21 -0400},
	doi = {10.1016/j.aim.2015.07.013},
	fjournal = {Advances in Mathematics},
	issn = {0001-8708,1090-2082},
	journal = {Adv. Math.},
	mrclass = {55P91 (18D50 55P43 55P48)},
	mrnumber = {3406512},
	mrreviewer = {Markus\ Szymik},
	pages = {658--708},
	title = {Operadic multiplications in equivariant spectra, norms, and transfers},
	url = {https://doi.org/10.1016/j.aim.2015.07.013},
	volume = {285},
	year = {2015},
	bdsk-url-1 = {https://doi.org/10.1016/j.aim.2015.07.013}}

@article{MR1209937,
	author = {Tambara, D.},
	date-added = {2024-09-16 11:07:44 -0400},
	date-modified = {2024-09-16 11:07:44 -0400},
	doi = {10.1080/00927879308824627},
	fjournal = {Communications in Algebra},
	issn = {0092-7872,1532-4125},
	journal = {Comm. Algebra},
	mrclass = {19A22 (18A25 20C99 20J06)},
	mrnumber = {1209937},
	mrreviewer = {Jacques\ Th\'evenaz},
	number = {4},
	pages = {1393--1420},
	title = {On multiplicative transfer},
	url = {https://doi.org/10.1080/00927879308824627},
	volume = {21},
	year = {1993},
	bdsk-url-1 = {https://doi.org/10.1080/00927879308824627}}

@article{MR4742721,
	author = {Hornbostel, Jens and Park, Doosung},
	date-added = {2024-09-16 11:04:54 -0400},
	date-modified = {2024-09-16 11:04:54 -0400},
	doi = {10.1017/S1474748023000178},
	fjournal = {Journal of the Institute of Mathematics of Jussieu. JIMJ. Journal de l'Institut de Math\'ematiques de Jussieu},
	issn = {1474-7480,1475-3030},
	journal = {J. Inst. Math. Jussieu},
	mrclass = {19D55 (11E70 16E40 55P91)},
	mrnumber = {4742721},
	number = {3},
	pages = {1461--1518},
	title = {Real topological {H}ochschild homology of schemes},
	url = {https://doi.org/10.1017/S1474748023000178},
	volume = {23},
	year = {2024},
	bdsk-url-1 = {https://doi.org/10.1017/S1474748023000178}}

@article{MR1808224,
	author = {Hu, Po and Kriz, Igor},
	date-added = {2024-09-15 22:22:11 -0400},
	date-modified = {2024-09-15 22:22:11 -0400},
	doi = {10.1016/S0040-9383(99)00065-8},
	fjournal = {Topology. An International Journal of Mathematics},
	issn = {0040-9383},
	journal = {Topology},
	mrclass = {55T15 (19L47 55N22 55N91 55P42 55P91)},
	mrnumber = {1808224},
	mrreviewer = {J.\ P. C. Greenlees},
	number = {2},
	pages = {317--399},
	title = {Real-oriented homotopy theory and an analogue of the {A}dams-{N}ovikov spectral sequence},
	url = {https://doi.org/10.1016/S0040-9383(99)00065-8},
	volume = {40},
	year = {2001},
	bdsk-url-1 = {https://doi.org/10.1016/S0040-9383(99)00065-8}}

@misc{HH,
	archiveprefix = {arXiv},
	author = {Michael A. Hill and Michael J. Hopkins},
	date-added = {2024-09-15 17:31:21 -0400},
	date-modified = {2024-09-15 17:31:28 -0400},
	eprint = {1610.03114},
	primaryclass = {math.AT},
	title = {Equivariant symmetric monoidal structures},
	url = {https://arxiv.org/abs/1610.03114},
	year = {2016},
	bdsk-url-1 = {https://arxiv.org/abs/1610.03114}}

@article{MR3773736,
	author = {Blumberg, Andrew J. and Hill, Michael A.},
	date-added = {2024-09-15 14:31:30 -0400},
	date-modified = {2024-09-15 14:31:30 -0400},
	doi = {10.2140/agt.2018.18.723},
	fjournal = {Algebraic \& Geometric Topology},
	issn = {1472-2747,1472-2739},
	journal = {Algebr. Geom. Topol.},
	mrclass = {55P91 (18B99 19A22 55N91)},
	mrnumber = {3773736},
	mrreviewer = {Lennart\ Meier},
	number = {2},
	pages = {723--766},
	title = {Incomplete {T}ambara functors},
	url = {https://doi.org/10.2140/agt.2018.18.723},
	volume = {18},
	year = {2018},
	bdsk-url-1 = {https://doi.org/10.2140/agt.2018.18.723}}

@incollection{MR4327103,
	author = {Blumberg, Andrew J. and Hill, Michael A.},
	booktitle = {Equivariant topology and derived algebra},
	date-added = {2024-09-15 00:37:09 -0400},
	date-modified = {2024-09-15 00:37:09 -0400},
	isbn = {978-1-108-93194-6},
	mrclass = {18B99 (20J15)},
	mrnumber = {4327103},
	pages = {276--313},
	publisher = {Cambridge Univ. Press, Cambridge},
	series = {London Math. Soc. Lecture Note Ser.},
	title = {Bi-incomplete {T}ambara functors},
	volume = {474},
	year = {2022}}

@incollection{MR2544392,
	author = {May, J. P.},
	booktitle = {New topological contexts for {G}alois theory and algebraic geometry ({BIRS} 2008)},
	date-added = {2024-09-15 00:16:24 -0400},
	date-modified = {2024-09-15 00:16:24 -0400},
	doi = {10.2140/gtm.2009.16.283},
	mrclass = {18D10 (19D23 55P43)},
	mrnumber = {2544392},
	mrreviewer = {Birgit\ Richter},
	pages = {283--330},
	publisher = {Geom. Topol. Publ., Coventry},
	series = {Geom. Topol. Monogr.},
	title = {The construction of {$E_\infty$} ring spaces from bipermutative categories},
	url = {https://doi.org/10.2140/gtm.2009.16.283},
	volume = {16},
	year = {2009},
	bdsk-url-1 = {https://doi.org/10.2140/gtm.2009.16.283}}

@article{MR4696086,
	author = {Chan, David},
	date-added = {2024-09-15 00:01:36 -0400},
	date-modified = {2024-09-15 00:04:00 -0400},
	doi = {10.2140/tunis.2024.6.1},
	fjournal = {Tunisian Journal of Mathematics},
	issn = {2576-7658,2576-7666},
	journal = {Tunis. J. Math.},
	mrclass = {55P91 (18M05 55N91)},
	mrnumber = {4696086},
	number = {1},
	pages = {1--47},
	title = {Bi-incomplete {T}ambara functors as {$\mathcal{O}$}-commutative monoids},
	url = {https://doi.org/10.2140/tunis.2024.6.1},
	volume = {6},
	year = {2024},
	bdsk-url-1 = {https://doi.org/10.2140/tunis.2024.6.1}}

@article{MR2832570,
	author = {Lun\o e-Nielsen, Sverre and Rognes, John},
	date-added = {2024-09-14 20:32:19 -0400},
	date-modified = {2024-09-14 20:32:19 -0400},
	doi = {10.1112/jtopol/jtr015},
	fjournal = {Journal of Topology},
	issn = {1753-8416,1753-8424},
	journal = {J. Topol.},
	mrclass = {55P91 (55N22 55P43 55S10)},
	mrnumber = {2832570},
	mrreviewer = {Birgit\ Richter},
	number = {3},
	pages = {591--622},
	title = {The {S}egal conjecture for topological {H}ochschild homology of complex cobordism},
	url = {https://doi.org/10.1112/jtopol/jtr015},
	volume = {4},
	year = {2011},
	bdsk-url-1 = {https://doi.org/10.1112/jtopol/jtr015}}

@article{MR3856165,
	author = {Behrens, Mark and Wilson, Dylan},
	date-added = {2024-09-14 16:48:35 -0400},
	date-modified = {2024-09-14 16:48:35 -0400},
	doi = {10.1090/proc/14175},
	fjournal = {Proceedings of the American Mathematical Society},
	issn = {0002-9939,1088-6826},
	journal = {Proc. Amer. Math. Soc.},
	mrclass = {55P91 (55S91)},
	mrnumber = {3856165},
	mrreviewer = {Samik\ Basu},
	number = {11},
	pages = {5003--5012},
	title = {A {$C_2$}-equivariant analog of {M}ahowald's {T}hom spectrum theorem},
	url = {https://doi.org/10.1090/proc/14175},
	volume = {146},
	year = {2018},
	bdsk-url-1 = {https://doi.org/10.1090/proc/14175}}

@article{MR3904731,
	author = {Nikolaus, Thomas and Scholze, Peter},
	date-added = {2024-09-14 15:09:59 -0400},
	date-modified = {2024-09-14 15:09:59 -0400},
	doi = {10.4310/ACTA.2018.v221.n2.a1},
	fjournal = {Acta Mathematica},
	issn = {0001-5962,1871-2509},
	journal = {Acta Math.},
	mrclass = {55U35 (16E40 18E30 19D99)},
	mrnumber = {3904731},
	mrreviewer = {Geoffrey\ M. L. Powell},
	number = {2},
	pages = {203--409},
	title = {On topological cyclic homology},
	url = {https://doi.org/10.4310/ACTA.2018.v221.n2.a1},
	volume = {221},
	year = {2018},
	bdsk-url-1 = {https://doi.org/10.4310/ACTA.2018.v221.n2.a1}}

@article{MR4704156,
	author = {Dotto, Emanuele and Moi, Kristian and Patchkoria, Irakli},
	date-added = {2024-09-14 14:27:51 -0400},
	date-modified = {2024-09-14 14:27:51 -0400},
	doi = {10.1112/jlms.12862},
	fjournal = {Journal of the London Mathematical Society. Second Series},
	issn = {0024-6107,1469-7750},
	journal = {J. Lond. Math. Soc. (2)},
	mrclass = {19D55 (11E70 13F35 55P91)},
	mrnumber = {4704156},
	number = {2},
	pages = {Paper No. e12862, 68},
	title = {On the geometric fixed points of real topological cyclic homology},
	url = {https://doi.org/10.1112/jlms.12862},
	volume = {109},
	year = {2024},
	bdsk-url-1 = {https://doi.org/10.1112/jlms.12862}}

@misc{QS22,
	archiveprefix = {arXiv},
	author = {J. D. Quigley and Jay Shah},
	date-added = {2024-09-14 14:22:24 -0400},
	date-modified = {2024-09-14 14:22:35 -0400},
	eprint = {2112.07462},
	primaryclass = {math.AT},
	title = {On the equivalence of two theories of real cyclotomic spectra},
	url = {https://arxiv.org/abs/2112.07462},
	year = {2022},
	bdsk-url-1 = {https://arxiv.org/abs/2112.07462}}

@misc{HHKWZ,
	archiveprefix = {arXiv},
	author = {Jeremy Hahn and Asaf Horev and Inbar Klang and Dylan Wilson and Foling Zou},
	date-added = {2024-09-14 14:18:22 -0400},
	date-modified = {2024-09-14 14:18:33 -0400},
	eprint = {2006.13348},
	primaryclass = {math.AT},
	title = {Equivariant nonabelian Poincar\'e duality and equivariant factorization homology of Thom spectra},
	url = {https://arxiv.org/abs/2006.13348},
	year = {2024},
	bdsk-url-1 = {https://arxiv.org/abs/2006.13348}}

@article{MR4186464,
	author = {Dotto, Emanuele and Moi, Kristian and Patchkoria, Irakli and Reeh, Sune Precht},
	date-added = {2024-09-14 13:43:32 -0400},
	date-modified = {2024-09-14 13:43:32 -0400},
	doi = {10.4171/jems/1007},
	fjournal = {Journal of the European Mathematical Society (JEMS)},
	issn = {1435-9855,1435-9863},
	journal = {J. Eur. Math. Soc. (JEMS)},
	mrclass = {16E40 (19D55 55P43 55P91)},
	mrnumber = {4186464},
	mrreviewer = {Beno\^it\ Fresse},
	number = {1},
	pages = {63--152},
	title = {Real topological {H}ochschild homology},
	url = {https://doi.org/10.4171/jems/1007},
	volume = {23},
	year = {2021},
	bdsk-url-1 = {https://doi.org/10.4171/jems/1007}}

@misc{QS,
	archiveprefix = {arXiv},
	author = {J. D. Quigley and Jay Shah},
	date-added = {2024-09-14 11:53:20 -0400},
	date-modified = {2024-09-14 13:54:56 -0400},
	eprint = {1909.03920},
	primaryclass = {math.AT},
	title = {On the parametrized Tate construction and two theories of real $p$-cyclotomic spectra},
	url = {https://arxiv.org/abs/1909.03920},
	year = {2019},
	bdsk-url-1 = {https://arxiv.org/abs/1909.03920}}

@phdthesis{Hogenhaven,
	author = {Amalie H{\o}genhaven},
	date-added = {2024-09-14 11:39:17 -0400},
	date-modified = {2024-09-14 11:40:36 -0400},
	month = {November},
	school = {University of Copenhagen},
	title = {Real topological cyclic homology},
	year = {2016}}

@phdthesis{Dotto,
	author = {Emanuele Dotto},
	date-added = {2024-09-14 11:35:47 -0400},
	date-modified = {2024-09-14 11:36:33 -0400},
	month = {October},
	school = {University of Copenhagen},
	title = {Stable Real K-theory and Real Topological Hochschild Homology},
	year = {2012}}

@book{MR3013261,
	author = {Dundas, Bj\o rn Ian and Goodwillie, Thomas G. and McCarthy, Randy},
	date-added = {2024-09-13 17:22:00 -0400},
	date-modified = {2024-09-13 17:22:00 -0400},
	isbn = {978-1-4471-4392-5; 978-1-4471-4393-2},
	mrclass = {19-02 (16E40 19D55 55-02 55N99)},
	mrnumber = {3013261},
	mrreviewer = {Charles\ Weibel},
	pages = {xvi+435},
	publisher = {Springer-Verlag London, Ltd., London},
	series = {Algebra and Applications},
	title = {The local structure of algebraic {K}-theory},
	volume = {18},
	year = {2013}}

@article{MR2153113,
	author = {Bruner, Robert R. and Rognes, John},
	date-added = {2024-09-13 17:03:35 -0400},
	date-modified = {2024-09-13 17:03:35 -0400},
	doi = {10.2140/agt.2005.5.653},
	fjournal = {Algebraic \& Geometric Topology},
	issn = {1472-2747,1472-2739},
	journal = {Algebr. Geom. Topol.},
	mrclass = {19D55 (55P43 55P91 55S12 55T05)},
	mrnumber = {2153113},
	pages = {653--690},
	title = {Differentials in the homological homotopy fixed point spectral sequence},
	url = {https://doi.org/10.2140/agt.2005.5.653},
	volume = {5},
	year = {2005},
	bdsk-url-1 = {https://doi.org/10.2140/agt.2005.5.653}}

@unpublished{HMreal,
	author = {Hesselholt, Lars and Madsen, Ib},
	date-added = {2024-09-13 17:00:42 -0400},
	date-modified = {2024-09-14 13:48:53 -0400},
	title = {Real algebraic {K}-theory},
	url = {https://www.math.nagoya-u.ac.jp/~larsh/papers/s05/},
	year = {2013},
	bdsk-url-1 = {https://doi.org/10.1016/0040-9383(96)00003-1}}

@misc{CDH,
	archiveprefix = {arXiv},
	author = {Baptiste Calm{\`e}s and Emanuele Dotto and Yonatan Harpaz and Fabian Hebestreit and Markus Land and Kristian Moi and Denis Nardin and Thomas Nikolaus and Wolfgang Steimle},
	date-added = {2024-09-13 14:56:39 -0400},
	date-modified = {2024-09-13 14:56:45 -0400},
	eprint = {2009.07224},
	primaryclass = {math.KT},
	title = {Hermitian K-theory for stable $\infty$-categories II: Cobordism categories and additivity},
	url = {https://arxiv.org/abs/2009.07224},
	year = {2023},
	bdsk-url-1 = {https://arxiv.org/abs/2009.07224}}

@misc{BMY,
	archiveprefix = {arXiv},
	author = {Andrew J. Blumberg and Michael A. Mandell and Allen Yuan},
	date-added = {2024-09-13 14:18:14 -0400},
	date-modified = {2024-09-13 14:18:56 -0400},
	eprint = {2110.03733},
	primaryclass = {math.KT},
	title = {Chromatic convergence for the algebraic K-theory of the sphere spectrum},
	url = {https://arxiv.org/abs/2110.03733},
	year = {2021},
	bdsk-url-1 = {https://arxiv.org/abs/2110.03733}}

@article{MR3867292,
	author = {Geisser, Thomas H. and Schmidt, Alexander},
	date-added = {2024-09-08 23:20:05 -0400},
	date-modified = {2024-09-08 23:20:05 -0400},
	doi = {10.1112/s0010437x18007340},
	fjournal = {Compositio Mathematica},
	issn = {0010-437X,1570-5846},
	journal = {Compos. Math.},
	mrclass = {14F20 (11F75 19E15)},
	mrnumber = {3867292},
	mrreviewer = {Michel\ Gros},
	number = {9},
	pages = {2020--2044},
	title = {Poitou-{T}ate duality for arithmetic schemes},
	url = {https://doi.org/10.1112/s0010437x18007340},
	volume = {154},
	year = {2018},
	bdsk-url-1 = {https://doi.org/10.1112/s0010437x18007340}}

@article{MR1410465,
	author = {Hesselholt, Lars and Madsen, Ib},
	date-added = {2024-08-28 15:42:02 -0400},
	date-modified = {2024-09-13 17:01:00 -0400},
	doi = {10.1016/0040-9383(96)00003-1},
	fjournal = {Topology. An International Journal of Mathematics},
	issn = {0040-9383},
	journal = {Topology},
	mrclass = {19D55 (16E40 55P91)},
	mrnumber = {1410465},
	mrreviewer = {Charles\ Weibel},
	number = {1},
	pages = {29--101},
	title = {On the {$K$}-theory of finite algebras over {W}itt vectors of perfect fields},
	url = {https://doi.org/10.1016/0040-9383(96)00003-1},
	volume = {36},
	year = {1997},
	bdsk-url-1 = {https://doi.org/10.1016/0040-9383(96)00003-1}}

@url{conrad,
	author = {Conard, Brian and Masullo, Alessandro Maria},
	date-added = {2024-07-23 15:38:26 -0400},
	date-modified = {2024-07-23 15:51:14 -0400},
	title = {{\'E}tale cohomology of algebraic number fields},
	url = {https://math.stanford.edu/~conrad/BSDseminar/Notes/L4.pdf},
	year = {2016},
	bdsk-url-1 = {https://math.stanford.edu/~conrad/BSDseminar/Notes/L4.pdf}}

@incollection{zink,
	author = {Zink, Thomas},
	booktitle = {Galois cohomology of algebraic number fields},
	date-added = {2024-07-20 15:22:54 -0400},
	date-modified = {2024-07-20 15:24:43 -0400},
	pages = {127--145},
	publisher = {VEB Deutscher Verlag der Wissenschaften, Berlin},
	title = {Etale cohomology and duality in number fields},
	year = {1978}}

@article{MR4296353,
	author = {Clausen, Dustin and Mathew, Akhil},
	date-added = {2024-04-22 17:44:18 -0400},
	date-modified = {2024-04-22 17:44:18 -0400},
	doi = {10.1007/s00222-021-01043-3},
	fjournal = {Inventiones Mathematicae},
	issn = {0020-9910,1432-1297},
	journal = {Invent. Math.},
	mrclass = {18F25 (14F20 55N15)},
	mrnumber = {4296353},
	mrreviewer = {Barry\ H.\ Dayton},
	number = {3},
	pages = {981--1076},
	title = {Hyperdescent and \'{e}tale {$K$}-theory},
	url = {https://doi.org/10.1007/s00222-021-01043-3},
	volume = {225},
	year = {2021},
	bdsk-url-1 = {https://doi.org/10.1007/s00222-021-01043-3}}

@book{MR0554237,
	author = {Serre, Jean-Pierre},
	date-added = {2024-03-18 22:35:35 -0400},
	date-modified = {2024-03-18 22:35:35 -0400},
	isbn = {0-387-90424-7},
	mrclass = {12Bxx},
	mrnumber = {554237},
	note = {Translated from the French by Marvin Jay Greenberg},
	pages = {viii+241},
	publisher = {Springer-Verlag, New York-Berlin},
	series = {Graduate Texts in Mathematics},
	title = {Local fields},
	volume = {67},
	year = {1979}}

@article{MR1899697,
	author = {Mitchell, Stephen A.},
	date-added = {2024-02-14 22:05:13 -0500},
	date-modified = {2024-02-14 22:05:13 -0500},
	doi = {10.1023/A:1015061732737},
	fjournal = {$K$-Theory. An Interdisciplinary Journal for the Development, Application, and Influence of $K$-Theory in the Mathematical Sciences},
	issn = {0920-3036,1573-0514},
	journal = {$K$-Theory},
	mrclass = {19D50 (11S70 19F99 19L64)},
	mrnumber = {1899697},
	mrreviewer = {Charles\ Weibel},
	number = {1},
	pages = {1--37},
	title = {The algebraic {$K$}-theory spectrum of a 2-adic local field},
	url = {https://doi.org/10.1023/A:1015061732737},
	volume = {25},
	year = {2002},
	bdsk-url-1 = {https://doi.org/10.1023/A:1015061732737}}

@article{MR1803229,
	author = {Mitchell, Stephen A.},
	date-added = {2024-02-14 12:59:33 -0500},
	date-modified = {2024-02-14 12:59:33 -0500},
	doi = {10.1023/A:1026580718473},
	fjournal = {$K$-Theory. An Interdisciplinary Journal for the Development, Application, and Influence of $K$-Theory in the Mathematical Sciences},
	issn = {0920-3036,1573-0514},
	journal = {$K$-Theory},
	mrclass = {19L99},
	mrnumber = {1803229},
	mrreviewer = {Gabriele\ Vezzosi},
	number = {3},
	pages = {229--247},
	title = {Topological {$K$}-theory of algebraic {$K$}-theory spectra},
	url = {https://doi.org/10.1023/A:1026580718473},
	volume = {21},
	year = {2000},
	bdsk-url-1 = {https://doi.org/10.1023/A:1026580718473}}

@book{MR0519872,
	author = {Haberland, Klaus},
	date-added = {2024-02-14 00:05:05 -0500},
	date-modified = {2024-02-14 00:05:05 -0500},
	mrclass = {12A60},
	mrnumber = {519872},
	mrreviewer = {Chih-Han\ Sah},
	note = {With two appendices by Helmut Koch and Thomas Zink},
	pages = {145},
	publisher = {VEB Deutscher Verlag der Wissenschaften, Berlin},
	title = {Galois cohomology of algebraic number fields},
	year = {1978}}

@article{MR1697095,
	author = {Rognes, J. and Weibel, C.},
	date-added = {2024-01-23 11:05:34 -0500},
	date-modified = {2024-01-23 11:05:34 -0500},
	doi = {10.1090/S0894-0347-99-00317-3},
	fjournal = {Journal of the American Mathematical Society},
	issn = {0894-0347,1088-6834},
	journal = {J. Amer. Math. Soc.},
	mrclass = {19D50 (11R34 11R70 11S70 19F27)},
	mrnumber = {1697095},
	mrreviewer = {Cornelius\ Greither},
	note = {Appendix A by Manfred Kolster},
	number = {1},
	pages = {1--54},
	title = {Two-primary algebraic {$K$}-theory of rings of integers in number fields},
	url = {https://doi.org/10.1090/S0894-0347-99-00317-3},
	volume = {13},
	year = {2000},
	bdsk-url-1 = {https://doi.org/10.1090/S0894-0347-99-00317-3}}

@incollection{MR0175892,
	author = {Tate, John},
	booktitle = {Proc. {I}nternat. {C}ongr. {M}athematicians ({S}tockholm, 1962)},
	date-added = {2024-01-23 00:40:08 -0500},
	date-modified = {2024-01-23 00:40:08 -0500},
	mrclass = {10.66},
	mrnumber = {175892},
	pages = {288--295},
	publisher = {Inst. Mittag-Leffler, Djursholm},
	title = {Duality theorems in {G}alois cohomology over number fields},
	year = {1963}}

@book{MR1269324,
	author = {Weibel, Charles A.},
	date-added = {2024-01-22 21:55:06 -0500},
	date-modified = {2024-01-22 21:55:06 -0500},
	doi = {10.1017/CBO9781139644136},
	isbn = {0-521-43500-5; 0-521-55987-1},
	mrclass = {18-01 (16-01 17-01 20-01 55Uxx)},
	mrnumber = {1269324},
	mrreviewer = {Kenneth\ A.\ Brown},
	pages = {xiv+450},
	publisher = {Cambridge University Press, Cambridge},
	series = {Cambridge Studies in Advanced Mathematics},
	title = {An introduction to homological algebra},
	url = {https://doi.org/10.1017/CBO9781139644136},
	volume = {38},
	year = {1994},
	bdsk-url-1 = {https://doi.org/10.1017/CBO9781139644136}}

@incollection{MR1803955,
	author = {Mitchell, Stephen A.},
	booktitle = {Une d\'{e}gustation topologique [{T}opological morsels]: homotopy theory in the {S}wiss {A}lps ({A}rolla, 1999)},
	date-added = {2024-01-22 19:31:06 -0500},
	date-modified = {2024-01-22 19:31:06 -0500},
	doi = {10.1090/conm/265/04246},
	isbn = {0-8218-2078-8},
	mrclass = {19F27 (55P43)},
	mrnumber = {1803955},
	mrreviewer = {Paul\ Arne\ \O stv\ae r},
	pages = {129--157},
	publisher = {Amer. Math. Soc., Providence, RI},
	series = {Contemp. Math.},
	title = {{$K$}-theory hypercohomology spectra of number rings at the prime 2},
	url = {https://doi.org/10.1090/conm/265/04246},
	volume = {265},
	year = {2000},
	bdsk-url-1 = {https://doi.org/10.1090/conm/265/04246}}

@book{MR0559531,
	author = {Milne, James S.},
	date-added = {2024-01-22 19:24:54 -0500},
	date-modified = {2024-01-22 19:24:54 -0500},
	isbn = {0-691-08238-3},
	mrclass = {14-02 (14F20 18F99)},
	mrnumber = {559531},
	mrreviewer = {G.\ Horrocks},
	pages = {xiii+323},
	publisher = {Princeton University Press, Princeton, NJ},
	series = {Princeton Mathematical Series},
	title = {\'{E}tale cohomology},
	volume = {No. 33},
	year = {1980}}

@article{MR0896008,
	author = {Bienenfeld, Mel},
	date-added = {2024-01-22 19:22:55 -0500},
	date-modified = {2024-01-22 19:22:55 -0500},
	doi = {10.2307/2000779},
	fjournal = {Transactions of the American Mathematical Society},
	issn = {0002-9947,1088-6850},
	journal = {Trans. Amer. Math. Soc.},
	mrclass = {12G05 (11R34 11R42 14F20)},
	mrnumber = {896008},
	mrreviewer = {Thomas\ Zink},
	number = {1},
	pages = {71--96},
	title = {An \'{e}tale cohomology duality theorem for number fields with a real embedding},
	url = {https://doi.org/10.2307/2000779},
	volume = {303},
	year = {1987},
	bdsk-url-1 = {https://doi.org/10.2307/2000779}}

@article{DHI,
	author = {Dugger, Daniel and Hollander, Sharon and Isaksen, Daniel C.},
	date-added = {2023-04-28 10:53:59 -0400},
	date-modified = {2023-04-28 10:54:02 -0400},
	doi = {10.1017/S0305004103007175},
	fjournal = {Mathematical Proceedings of the Cambridge Philosophical Society},
	issn = {0305-0041},
	journal = {Math. Proc. Cambridge Philos. Soc.},
	mrclass = {18F20 (55U35)},
	mrnumber = {2034012},
	mrreviewer = {Manuel Bullejos Lorenzo},
	number = {1},
	pages = {9--51},
	title = {Hypercovers and simplicial presheaves},
	url = {https://doi.org/10.1017/S0305004103007175},
	volume = {136},
	year = {2004},
	bdsk-url-1 = {https://doi.org/10.1017/S0305004103007175}}

@incollection{Mit97,
	author = {Mitchell, Stephen A.},
	booktitle = {Algebraic {$K$}-theory ({T}oronto, {ON}, 1996)},
	date-added = {2023-04-27 23:39:42 -0400},
	date-modified = {2023-04-27 23:39:46 -0400},
	mrclass = {19D99 (18F20 55R45)},
	mrnumber = {1466977},
	pages = {221--277},
	publisher = {Amer. Math. Soc., Providence, RI},
	series = {Fields Inst. Commun.},
	title = {Hypercohomology spectra and {T}homason's descent theorem},
	volume = {16},
	year = {1997}}

@book{MR2261462,
	author = {Milne, J. S.},
	date-added = {2023-04-27 23:37:45 -0400},
	date-modified = {2024-01-22 19:24:25 -0500},
	edition = {Second},
	isbn = {1-4196-4274-X},
	mrclass = {14F20 (11G25 11G35 11R34 12G10)},
	mrnumber = {2261462},
	pages = {viii+339},
	publisher = {BookSurge, LLC, Charleston, SC},
	title = {Arithmetic duality theorems},
	year = {2006}}

@article{Thomason,
	author = {Thomason, R. W.},
	date-added = {2023-04-27 16:38:46 -0400},
	date-modified = {2023-04-27 16:38:49 -0400},
	fjournal = {Annales Scientifiques de l'\'{E}cole Normale Sup\'{e}rieure. Quatri\`eme S\'{e}rie},
	issn = {0012-9593},
	journal = {Ann. Sci. \'{E}cole Norm. Sup. (4)},
	mrclass = {14F15 (11G99 14F12 18F25 19E20)},
	mrnumber = {826102},
	mrreviewer = {H. Gillet},
	number = {3},
	pages = {437--552},
	title = {Algebraic {$K$}-theory and \'{e}tale cohomology},
	url = {http://www.numdam.org/item?id=ASENS_1985_4_18_3_437_0},
	volume = {18},
	year = {1985},
	bdsk-file-1 = {YnBsaXN0MDDSAQIDBFxyZWxhdGl2ZVBhdGhYYm9va21hcmtaUlNfYmliLmJpYk8RBFhib29rWAQAAAAABBAwAAAAAAAAAAAAAAAAAAAAAAAAAAAAAAAAAAAAAAAAAAAAAABIAwAABQAAAAEBAABVc2VycwAAAAQAAAABAQAAbWNobwkAAAABAQAARG9jdW1lbnRzAAAABgAAAAEBAABHaXRIdWIAAA8AAAABAQAAbXNjaG8uZ2l0aHViLmlvAAIAAAABAQAAcnMAAAoAAAABAQAAUlNfYmliLmJpYgAAHAAAAAEGAAAEAAAAFAAAACAAAAA0AAAARAAAAFwAAABoAAAACAAAAAQDAADBOAAAAAAAAAgAAAAEAwAAp9ADAAAAAAAIAAAABAMAANjQAwAAAAAACAAAAAQDAACVy4cBAAAAAAgAAAAEAwAAJIXTAgAAAAAIAAAABAMAAG0cQgUAAAAACAAAAAQDAAAKQoUGAAAAABwAAAABBgAAoAAAALAAAADAAAAA0AAAAOAAAADwAAAAAAEAAAgAAAAABAAAQcZAhVeBjyEYAAAAAQIAAAEAAAAAAAAADwAAAAAAAAAAAAAAAAAAAAgAAAAEAwAABQAAAAAAAAAEAAAAAwMAAPUBAAAIAAAAAQkAAGZpbGU6Ly8vDAAAAAEBAABNYWNpbnRvc2ggSEQIAAAABAMAAAAAhxE5AAAACAAAAAAEAABBxxWwfgAAACQAAAABAQAANDlFQ0FDQTItNDU3Ni00MDkyLTgzQjAtN0Y5Rjk2RUQ0RTkyGAAAAAECAACBAAAAAQAAAO8TAAABAAAAAAAAAAAAAAABAAAAAQEAAC8AAAAAAAAAAQUAABoAAAABAQAATlNVUkxEb2N1bWVudElkZW50aWZpZXJLZXkAAAQAAAADAwAApQUAAOwAAAABAgAAY2RkN2VlZjBiYTdmYzA4ZDU3MzI0ZjFhZDA1ZGE0OTdkNDE1YWZkODU0ZDEyYjhmZTM3MDgxNTBkYTI3ODFmODswMDswMDAwMDAwMDswMDAwMDAwMDswMDAwMDAwMDswMDAwMDAwMDAwMDAwMDIwO2NvbS5hcHBsZS5hcHAtc2FuZGJveC5yZWFkLXdyaXRlOzAxOzAxMDAwMDBmOzAwMDAwMDAwMDY4NTQyMGE7NTM7L3VzZXJzL21jaG8vZG9jdW1lbnRzL2dpdGh1Yi9tc2Noby5naXRodWIuaW8vcnMvcnNfYmliLmJpYgDYAAAA/v///wEAAAAAAAAAEQAAAAQQAAB8AAAAAAAAAAUQAAAQAQAAAAAAABAQAABEAQAAAAAAAEAQAAA0AQAAAAAAAAIgAAAQAgAAAAAAAAUgAACAAQAAAAAAABAgAACQAQAAAAAAABEgAADEAQAAAAAAABIgAACkAQAAAAAAABMgAAC0AQAAAAAAACAgAADwAQAAAAAAADAgAAAcAgAAAAAAAAHAAABkAQAAAAAAABHAAAAUAAAAAAAAABLAAAB0AQAAAAAAAIDwAABUAgAAAAAAACQCAIBIAgAAAAAAAAAIAA0AGgAjAC4AAAAAAAACAQAAAAAAAAAFAAAAAAAAAAAAAAAAAAAEig==},
	bdsk-url-1 = {http://www.numdam.org/item?id=ASENS_1985_4_18_3_437_0}}

@book{Jardine,
	author = {Jardine, J. F.},
	date-added = {2023-04-27 16:37:14 -0400},
	date-modified = {2023-04-27 16:37:18 -0400},
	doi = {10.1007/978-3-0348-0066-2},
	isbn = {3-7643-5494-1},
	mrclass = {55P42 (18F20 18F25 19F27)},
	mrnumber = {1437604},
	mrreviewer = {V. P. Snaith},
	pages = {x+317},
	publisher = {Birkh\"{a}user Verlag, Basel},
	series = {Progress in Mathematics},
	title = {Generalized \'{e}tale cohomology theories},
	url = {https://doi.org/10.1007/978-3-0348-0066-2},
	volume = {146},
	year = {1997},
	bdsk-url-1 = {https://doi.org/10.1007/978-3-0348-0066-2}}

@article{MR4121155,
	author = {Blumberg, Andrew J. and Mandell, Michael A.},
	date-added = {2023-04-06 21:38:30 -0400},
	date-modified = {2024-01-22 19:23:18 -0500},
	doi = {10.1007/s00222-020-00952-z},
	fjournal = {Inventiones Mathematicae},
	issn = {0020-9910},
	journal = {Invent. Math.},
	mrclass = {19D10 (19F05)},
	mrnumber = {4121155},
	mrreviewer = {Charles Weibel},
	number = {2},
	pages = {397--419},
	title = {{$K$}-theoretic {T}ate-{P}oitou duality and the fiber of the cyclotomic trace},
	url = {https://doi.org/10.1007/s00222-020-00952-z},
	volume = {221},
	year = {2020},
	bdsk-url-1 = {https://doi.org/10.1007/s00222-020-00952-z}}
